@manual{Nakamoto2008,
	author={Nakamoto, Satoshi},
	title={Bitcoin: A Peer-to-Peer Electronic Cash System},
	year={2008},
	month={10},
	url={https://bitcoin.org/bitcoin.pdf},
	hyphenation={english}
}

@manual{Back2002,
	author={Back, Adam},
	title={Hashcash - A Denial of Service Counter-Measure},
	year={2002},
	month={08},
	url={http://www.hashcash.org/papers/hashcash.pdf},
	hyphenation={english}
}

@book{Swan2015,
	author={Swan, Melanie},
	title={Blockchain: Blueprint for a New Economy},
	publisher={O'Reilly and Associates},
	location={Sebastopol},
	year={2015},
	hyphenation={english}
}

@book{Antonopoulos2017,
	author={Antonopoulos, Andreas},
	title={Mastering Bitcoin: Programming the Open Blockchain},
	publisher={O'Reilly Media, Inc.},
	location={Sebastopol},
	edition={2},
	year={2017},
	hyphenation={english}
}

@book{AntonopoulosWood2018,
	author={Antonopoulos, Andreas and Wood, Gavin},
	title={Mastering Ethereum: Building Smart Contracts and Dapps},
	publisher={O'Reilly Media, Inc.},
	location={Sebastopol},
	year={2018},
	hyphenation={english}
}